<?xml version="1.0" encoding="UTF-8"?>
<!-- Search-Engine-Total-Number-Of-Results: 1 -->
<collection xmlns="http://www.loc.gov/MARC21/slim">
<record>
  <controlfield tag="001">179973</controlfield>
  <datafield tag="035" ind1=" " ind2=" ">
    <subfield code="a">Axen:1982mp</subfield>
    <subfield code="9">SPIRESTeX</subfield>
  </datafield>
  <datafield tag="710" ind1=" " ind2=" ">
    <subfield code="g">SLD</subfield>
  </datafield>
  <datafield tag="037" ind1=" " ind2=" ">
    <subfield code="a">SLAC-PROPOSAL-SLC-09</subfield>
  </datafield>
  <datafield tag="037" ind1=" " ind2=" ">
    <subfield code="a">SLC-LI-09</subfield>
  </datafield>
  <datafield tag="245" ind1=" " ind2=" ">
    <subfield code="a">SLD: LETTER OF INTENT</subfield>
  </datafield>
</record>

</collection>